@article{1,
  title   = {Real-time 3d deep multi-camera tracking},
  author  = {You, Quanzeng and Jiang, Hao},
  journal = {arXiv preprint arXiv:2003.11753},
  year    = {2020}
}

@inproceedings{2,
  author = {Specker, Andreas and Stadler, Daniel and Florin, Lucas and Beyerer, Jurgen},
  year   = {2021},
  month  = {06},
  pages  = {4168-4177},
  title  = {An Occlusion-aware Multi-target Multi-camera Tracking System},
  doi    = {10.1109/CVPRW53098.2021.00471}
}

@article{3,
  title   = {Multi-camera multi-player tracking with deep player identification in sports video},
  journal = {Pattern Recognition},
  volume  = {102},
  pages   = {107260},
  year    = {2020},
  issn    = {0031-3203},
  doi     = {https://doi.org/10.1016/j.patcog.2020.107260},
  url     = {https://www.sciencedirect.com/science/article/pii/S0031320320300650},
  author  = {Ruiheng Zhang and Lingxiang Wu and Yukun Yang and Wanneng Wu and Yueqiang Chen and Min Xu}
}

@article{4,
  author  = {He, Yuhang and Wei, Xing and Hong, Xiaopeng and Shi, Weiwei and Gong, Yihong},
  year    = {2020},
  month   = {03},
  pages   = {},
  title   = {Multi-Target Multi-Camera Tracking by Tracklet-to-Target Assignment},
  volume  = {PP},
  journal = {IEEE Transactions on Image Processing},
  doi     = {10.1109/TIP.2020.2980070}
}

@inproceedings{5,
  author = {Li, Peng and Zhang, Jiabin and Zheng, Zhu and Li, Yanwei and Jiang, Lu and Huang, Guan},
  year   = {2019},
  month  = {06},
  pages  = {1506-1516},
  title  = {State-Aware Re-Identification Feature for Multi-Target Multi-Camera Tracking},
  doi    = {10.1109/CVPRW.2019.00192}
}

@misc{6,
  title         = {Segment and Track Anything},
  author        = {Yangming Cheng and Liulei Li and Yuanyou Xu and Xiaodi Li and Zongxin Yang and Wenguan Wang and Yi Yang},
  year          = {2023},
  eprint        = {2305.06558},
  archiveprefix = {arXiv},
  primaryclass  = {cs.CV}
}

@inproceedings{7,
  author = {Gammeter, Stephan and Gassmann, Alexander and Bossard, Lukas and Quack, Till and Van Gool, Luc},
  year   = {2010},
  month  = {07},
  pages  = {1 - 8},
  title  = {Server-side object recognition and client-side object tracking for mobile augmented reality},
  doi    = {10.1109/CVPRW.2010.5543248}
}

@inproceedings{8,
  author    = {Mikawa, Yuri and Eichhorn, Christian and Klinker, Gudrun},
  booktitle = {2023 IEEE Conference on Virtual Reality and 3D User Interfaces Abstracts and Workshops (VRW)},
  title     = {Multi-color LED Marker for Dynamic Target Tracking in Wide Area},
  year      = {2023},
  volume    = {},
  number    = {},
  pages     = {669-670},
  keywords  = {Three-dimensional displays;Target tracking;Image resolution;Shape;Image color analysis;Conferences;User interfaces;Human-centered computing-Interaction paradigms-Mixed / augmented reality;Computing methodologies-Computer vision-Tracking},
  doi       = {10.1109/VRW58643.2023.00177}
}

@article{9,
  author = {Park, Youngmin and Lepetit, Vincent and Woo, Woontack},
  year   = {2008},
  month  = {09},
  pages  = {},
  title  = {Multiple 3D Object Tracking for Augmented Reality},
  doi    = {10.1109/ISMAR.2008.4637336}
}

@article{10,
  title   = {Instant 3D object tracking with applications in augmented reality},
  author  = {Ahmadyan, Adel and Hou, Tingbo and Wei, Jianing and Zhang, Liangkai and Ablavatski, Artsiom and Grundmann, Matthias},
  journal = {arXiv preprint arXiv:2006.13194},
  year    = {2020}
}

@inproceedings{11,
  title     = {You only look once: Unified, real-time object detection},
  author    = {Redmon, Joseph and Divvala, Santosh and Girshick, Ross and Farhadi, Ali},
  booktitle = {Proceedings of the IEEE conference on computer vision and pattern recognition},
  pages     = {779--788},
  year      = {2016}
}

@misc{12,
  title         = {MediaPipe: A Framework for Building Perception Pipelines},
  author        = {Camillo Lugaresi and Jiuqiang Tang and Hadon Nash and Chris McClanahan and Esha Uboweja and Michael Hays and Fan Zhang and Chuo-Ling Chang and Ming Guang Yong and Juhyun Lee and Wan-Teh Chang and Wei Hua and Manfred Georg and Matthias Grundmann},
  year          = {2019},
  eprint        = {1906.08172},
  archiveprefix = {arXiv},
  primaryclass  = {cs.DC}
}